<collection xmlns="http://www.loc.gov/MARC21/slim">
<record>
  <leader>01262nam0a22002771i 450 </leader>
  <controlfield tag="001">IT\ICCU\CNCE\027537</controlfield>
  <controlfield tag="005">20120730000000.0</controlfield>
  <datafield tag="100" ind1=" " ind2=" ">
    <subfield code="a">19971029d1585        0itac0103    ba</subfield>
  </datafield>
  <datafield tag="101" ind1=" " ind2=" ">
    <subfield code="a">ITA</subfield>
  </datafield>
  <datafield tag="102" ind1=" " ind2=" ">
    <subfield code="a">IT</subfield>
  </datafield>
  <datafield tag="200" ind1="1" ind2=" ">
    <subfield code="a">De gli Accademici della Crusca difesa dell&apos;Orlando Furioso dell&apos;Ariosto Contra &apos;l Dialogo dell&apos;Epica poesia di Camillo Pellegrino. Stacciata prima</subfield>
  </datafield>
  <datafield tag="210" ind1=" " ind2=" ">
    <subfield code="a">In Mantoua</subfield>
    <subfield code="c">Per Francesco Osanna</subfield>
    <subfield code="d">1585</subfield>
  </datafield>
  <datafield tag="215" ind1=" " ind2=" ">
    <subfield code="a">\69! c.</subfield>
    <subfield code="d">12ʻ</subfield>
  </datafield>
  <datafield tag="300" ind1=" " ind2=" ">
    <subfield code="a">Parte della 27541</subfield>
  </datafield>
  <datafield tag="620" ind1=" " ind2=" ">
    <subfield code="a">IT</subfield>
    <subfield code="d">Mantova</subfield>
  </datafield>
  <datafield tag="710" ind1="0" ind2="2">
    <subfield code="a">Accademia della Crusca</subfield>
    <subfield code="3">IT\ICCU\CNCT\000417</subfield>
  </datafield>
  <datafield tag="702" ind1=" " ind2="1">
    <subfield code="a">Salviati,</subfield>
    <subfield code="b">Leonardo</subfield>
    <subfield code="3">IT\ICCU\CNCA\001172</subfield>
  </datafield>
  <datafield tag="712" ind1="0" ind2="0">
    <subfield code="a">Osanna, Francesco</subfield>
    <subfield code="3">IT\ICCU\CNCT\000504</subfield>
    <subfield code="4">650</subfield>
  </datafield>
  <datafield tag="790" ind1=" " ind2="0">
    <subfield code="a">Infarinato Accademico della Crusca</subfield>
    <subfield code="3">IT\ICCU\CNCA\014514</subfield>
    <subfield code="z">Salviati, Leonardo</subfield>
  </datafield>
  <datafield tag="790" ind1=" " ind2="0">
    <subfield code="a">Ormanozzo Rigogoli</subfield>
    <subfield code="3">IT\ICCU\CNCA\017182</subfield>
    <subfield code="z">Salviati, Leonardo</subfield>
  </datafield>
  <datafield tag="790" ind1=" " ind2="0">
    <subfield code="a">Panico Granacci</subfield>
    <subfield code="3">IT\ICCU\CNCA\017183</subfield>
    <subfield code="z">Salviati, Leonardo</subfield>
  </datafield>
  <datafield tag="791" ind1="0" ind2="0">
    <subfield code="a">Osanna, Francesco Bernardino</subfield>
    <subfield code="3">IT\ICCU\CNCT\002263</subfield>
    <subfield code="z">Osanna, Francesco</subfield>
  </datafield>
  <datafield tag="791" ind1="0" ind2="0">
    <subfield code="a">Osana, Franciscus</subfield>
    <subfield code="3">IT\ICCU\CNCT\005166</subfield>
    <subfield code="z">Osanna, Francesco</subfield>
  </datafield>
  <datafield tag="791" ind1="0" ind2="0">
    <subfield code="a">Osana, Francesco Bernardino</subfield>
    <subfield code="3">IT\ICCU\CNCT\005167</subfield>
    <subfield code="z">Osanna, Francesco</subfield>
  </datafield>
  <datafield tag="801" ind1=" " ind2="3">
    <subfield code="a">IT</subfield>
    <subfield code="b">ICCU</subfield>
    <subfield code="c">20201114</subfield>
  </datafield>
  <datafield tag="899" ind1=" " ind2=" ">
    <subfield code="a">Nuova biblioteca pubblica Luigi Fumi. Orvieto</subfield>
    <subfield code="1">TR0022</subfield>
    <subfield code="2">UM1 06</subfield>
  </datafield>
</record>
</collection>
